@article{Silver:2016hl,
author = {{Silver, D} and {Huang, A} and {Maddison, C J} and {Guez, A} and {Sifre, L}},
title = {{Mastering the game of Go with deep neural networks and tree search}},
journal = {Nature},
year = {2016},
volume = {529},
number = {7587},
pages = {484--489}
}

@article{SchaulQAS15,
  author    = {Tom Schaul and
               John Quan and
               Ioannis Antonoglou and
               David Silver},
  title     = {Prioritized Experience Replay},
  journal   = {CoRR},
  volume    = {abs/1511.05952},
  year      = {2015},
  url       = {http://arxiv.org/abs/1511.05952},
  archivePrefix = {arXiv},
  eprint    = {1511.05952},
  timestamp = {Mon, 13 Aug 2018 16:46:28 +0200},
  biburl    = {https://dblp.org/rec/bib/journals/corr/SchaulQAS15},
  bibsource = {dblp computer science bibliography, https://dblp.org}
}

@article{Schulman:2017vq,
author = {Schulman, John and Wolski, Filip and Dhariwal, Prafulla and Radford, Alec and Klimov, Oleg},
title = {{Proximal Policy Optimization Algorithms}},
journal = {arXiv.org},
year = {2017},
eprint = {1707.06347v2},
eprinttype = {arxiv},
eprintclass = {cs.LG},
month = jul
}

@article{Duan:2016ur,
author = {Duan, Yan and Chen, Xi and Houthooft, Rein and Schulman, John and Abbeel, Pieter},
title = {{Benchmarking Deep Reinforcement Learning for Continuous Control}},
journal = {arXiv.org},
year = {2016},
eprint = {1604.06778v3},
eprinttype = {arxiv},
eprintclass = {cs.LG},
month = apr
}


@article{Schulman:2015uk,
author = {Schulman, John and Levine, Sergey and Moritz, Philipp and Jordan, Michael I and Abbeel, Pieter},
title = {{Trust Region Policy Optimization}},
journal = {arXiv.org},
year = {2015},
eprint = {1502.05477v5},
eprinttype = {arxiv},
month = feb
}


@article{Silver:wt,
author = {Silver, D and Lever, G and Heess, N and Degris, T and ICML, D Wierstra and {2014}},
title = {{Deterministic policy gradient algorithms}},
journal = {jmlr.org}
}


@book{lapan2018deep,
author = {Lapan, M},
title = {{Deep Reinforcement Learning Hands-On: Apply modern RL methods, with deep Q-networks, value iteration, policy gradients, TRPO, AlphaGo Zero and more}},
publisher = {Packt Publishing},
year = {2018}
}

@article{Schulman2015HighDimensionalCC,
  title={High-Dimensional Continuous Control Using Generalized Advantage Estimation},
  author={John Schulman and Philipp Moritz and Sergey Levine and Michael I. Jordan and Pieter Abbeel},
  journal={CoRR},
  year={2015},
  volume={abs/1506.02438}
}





@article{HasseltGS15,
  author    = {Hado van Hasselt and
               Arthur Guez and
               David Silver},
  title     = {Deep Reinforcement Learning with Double Q-learning},
  journal   = {CoRR},
  volume    = {abs/1509.06461},
  year      = {2015},
  url       = {http://arxiv.org/abs/1509.06461},
  archivePrefix = {arXiv},
  eprint    = {1509.06461},
  timestamp = {Mon, 13 Aug 2018 16:47:32 +0200},
  biburl    = {https://dblp.org/rec/bib/journals/corr/HasseltGS15},
  bibsource = {dblp computer science bibliography, https://dblp.org}
}

@MastersThesis{spooner2016,
  title={Reinforcement Learning for High-Frequency Market Making in Limit Order Book Markets},
  author={Spooner, Thomas Lawrence},
  year={2016},
  school={the University of Liverpool}
}

@article{Wang:2015wz,
author = {Wang, Ziyu and Schaul, Tom and Hessel, Matteo and van Hasselt, Hado and Lanctot, Marc and de Freitas, Nando},
title = {{Dueling Network Architectures for Deep Reinforcement Learning}},
journal = {arXiv.org},
year = {2015},
eprint = {1511.06581v3},
eprinttype = {arxiv},
eprintclass = {cs.LG},
month = nov
}

@article{Hessel:2017tw,
author = {Hessel, Matteo and Modayil, Joseph and van Hasselt, Hado and Schaul, Tom and Ostrovski, Georg and Dabney, Will and Horgan, Dan and Piot, Bilal and Azar, Mohammad and Silver, David},
title = {{Rainbow: Combining Improvements in Deep Reinforcement Learning}},
journal = {arXiv.org},
year = {2017},
eprint = {1710.02298v1},
eprinttype = {arxiv},
eprintclass = {cs.AI},
month = oct
}

@article{mnih2015humanlevel,
  added-at = {2015-08-26T14:46:40.000+0200},
  author = {Mnih, Volodymyr and Kavukcuoglu, Koray and Silver, David and Rusu, Andrei A. and Veness, Joel and Bellemare, Marc G. and Graves, Alex and Riedmiller, Martin and Fidjeland, Andreas K. and Ostrovski, Georg and Petersen, Stig and Beattie, Charles and Sadik, Amir and Antonoglou, Ioannis and King, Helen and Kumaran, Dharshan and Wierstra, Daan and Legg, Shane and Hassabis, Demis},
  biburl = {https://www.bibsonomy.org/bibtex/2fb15f4471c81dc2b9edf2304cb2f7083/hotho},
  description = {Human-level control through deep reinforcement learning - nature14236.pdf},
  interhash = {eac59980357d99db87b341b61ef6645f},
  intrahash = {fb15f4471c81dc2b9edf2304cb2f7083},
  issn = {00280836},
  journal = {Nature},
  keywords = {deep learning toread},
  month = feb,
  number = 7540,
  pages = {529--533},
  publisher = {Nature Publishing Group, a division of Macmillan Publishers Limited. All Rights Reserved.},
  timestamp = {2015-08-26T14:46:40.000+0200},
  title = {Human-level control through deep reinforcement learning},
  url = {http://dx.doi.org/10.1038/nature14236},
  volume = 518,
  year = 2015
}

@article{Lillicrap:2015ww,
author = {Lillicrap, Timothy P and Hunt, Jonathan J and Pritzel, Alexander and Heess, Nicolas and Erez, Tom and Tassa, Yuval and Silver, David and Wierstra, Daan},
title = {{Continuous control with deep reinforcement learning}},
journal = {arXiv.org},
year = {2015},
eprint = {1509.02971v5},
eprinttype = {arxiv},
eprintclass = {cs.LG},
month = sep
}


@book{russelartificial,
  title={Artificial Intelligence: A Modern Approach, 2003},
  author={Russel, Stuart and Norvig, Peter},
  journal={EUA: Prentice Hall}
}

@misc{Udacity2017,
  author = {Udacity},
  title = {Build a Game-playing Agent},
  year = {2017},
  publisher = {GitHub},
  journal = {GitHub repository},
  howpublished = {\url{https://goo.gl/ND8wPY}}
}

@misc{Economist2017,
  author = {The Economist},
  title = {Shall We Play a Game?},
  year = {2017},
  journal = {The Economist}
}

@misc{Economist2017a,
  author = {The Economist},
  title = {The future of computing},
  year = {2017},
  journal = {The Economist}
}
